@Misc{wiki1,
author = {wikipedia.org},
title = {Sudoku Solving Algorithms},
year = {2023},
url = {https://en.wikipedia.org/wiki/Sudoku_solving_algorithms},
note = {Date accessed: 7/12/2023}
}

@Misc{wiki2,
author = {wikipedia.org},
title = {Mathematics of Sudoku},
year = {2023},
url = {https://en.wikipedia.org/wiki/Mathematics_of_Sudoku},
note = {Date accessed: 7/12/2023}
}
